<bibtex>

@article{eulerBridges,
  title={Solutio problematis ad geometriam situs pertinentis},
  author={Euler, Leonhard},
  journal={Commentarii academiae scientiarum Petropolitanae},
  volume={8},
  pages={128--140},
  year={1741}
}

@incollection{wohlk2008decade,
  title={A decade of capacitated arc routing},
  author={W{\o}hlk, Sanne},
  booktitle={The vehicle routing problem: latest advances and new challenges},
  pages={29--48},
  year={2008},
  publisher={Springer}
}

@article{meiKoKwanCPP,
  title={Graphic programming using odd or even points},
  author={Kwan, Mei-Ko},
  journal={Chinese Math},
  volume={1},
  number={273-277},
  pages={110},
  year={1962}
}

@article{laporte1992vehicle,
  title={The vehicle routing problem: An overview of exact and approximate algorithms},
  author={Laporte, Gilbert},
  journal={European Journal of Operational Research},
  volume={59},
  number={3},
  pages={345--358},
  year={1992},
  publisher={Elsevier}
}

@article{pearn1995RPP,
  title={Algorithms for the rural postman problem},
  author={Pearn, Wen Lea and Wu, TC},
  journal={Computers \& Operations Research},
  volume={22},
  number={8},
  pages={819--828},
  year={1995},
  publisher={Elsevier}
}

@article{pearn1995mixedCPP,
  title={Algorithms for the Chinese postman problem on mixed networks},
  author={Pearn, Wen Lea and Liu, CM},
  journal={Computers \& operations research},
  volume={22},
  number={5},
  pages={479--489},
  year={1995},
  publisher={Elsevier}
}

@article{ghiani2000HCPP,
  title={An algorithm for the hierarchical Chinese postman problem},
  author={Ghiani, Gianpaolo and Improta, Gennaro},
  journal={Operations Research Letters},
  volume={26},
  number={1},
  pages={27--32},
  year={2000},
  publisher={Elsevier}
}

@article{dussault2013WPP,
  title={Plowing with precedence: A variant of the windy postman problem},
  author={Dussault, Benjamin and Golden, Bruce and Gro{\"e}r, Chris and Wasil, Edward},
  journal={Computers \& Operations Research},
  volume={40},
  number={4},
  pages={1047--1059},
  year={2013},
  publisher={Elsevier}
}

@article{edmonds1973kCPP,
  title={Matching, Euler tours and the Chinese postman},
  author={Edmonds, Jack and Johnson, Ellis L},
  journal={Mathematical programming},
  volume={5},
  number={1},
  pages={88--124},
  year={1973},
  publisher={Springer}
}

@inproceedings{frederickson1976MMkCPP,
  title={Approximation algorithms for some routing problems},
  author={Frederickson, Greg N and Hecht, Matthew S and Kim, Chul E},
  booktitle={Foundations of Computer Science, 1976., 17th Annual Symposium on},
  pages={216--227},
  year={1976},
  organization={IEEE}
}

@article{eiselt1995ARP,
  title={Arc routing problems, part I: The Chinese postman problem},
  author={Eiselt, Horst A and Gendreau, Michel and Laporte, Gilbert},
  journal={Operations Research},
  volume={43},
  number={2},
  pages={231--242},
  year={1995},
  publisher={INFORMS}
}

@article{ulusoy1985CARP,
  title={The fleet size and mix problem for capacitated arc routing},
  author={Ulusoy, G{\"u}nd{\"u}z},
  journal={European Journal of Operational Research},
  volume={22},
  number={3},
  pages={329--337},
  year={1985},
  publisher={Elsevier}
}

@article{lacomme2004competitiveMA,
  title={Competitive memetic algorithms for arc routing problems},
  author={Lacomme, Philippe and Prins, Christian and Ramdane-Cherif, Wahiba},
  journal={Annals of Operations Research},
  volume={131},
  number={1-4},
  pages={159--185},
  year={2004},
  publisher={Springer}
}

@incollection{prins2005NEARP,
  title={A memetic algorithm solving the VRP, the CARP and general routing problems with nodes, edges and arcs},
  author={Prins, Christian and Bouchenoua, Samir},
  booktitle={Recent advances in memetic algorithms},
  pages={65--85},
  year={2005},
  publisher={Springer}
}

@article{belenguer2003cutting,
  title={A cutting plane algorithm for the capacitated arc routing problem},
  author={Belenguer, Jos{\'e} M and Benavent, Enrique},
  journal={Computers \& Operations Research},
  volume={30},
  number={5},
  pages={705--728},
  year={2003},
  publisher={Elsevier}
}

@article{christiansen2009branch,
  title={A branch-and-price algorithm for the capacitated arc routing problem with stochastic demands},
  author={Christiansen, Christian H and Lysgaard, Jens and W{\o}hlk, Sanne},
  journal={Operations Research Letters},
  volume={37},
  number={6},
  pages={392--398},
  year={2009},
  publisher={Elsevier}
}

@article{eglese1994simulatedAnnealing,
  title={Routeing winter gritting vehicles},
  author={Eglese, Richard W},
  journal={Discrete applied mathematics},
  volume={48},
  number={3},
  pages={231--244},
  year={1994},
  publisher={Elsevier}
}

@article{brandao2008tabu,
  title={A deterministic tabu search algorithm for the capacitated arc routing problem},
  author={Brand{\~a}o, Jos{\'e} and Eglese, Richard},
  journal={Computers \& Operations Research},
  volume={35},
  number={4},
  pages={1112--1126},
  year={2008},
  publisher={Elsevier}
}

@inproceedings{rao2011AStar,
  title={Snow-plow route planning using AI search},
  author={Rao, TM and Mitra, Sandeep and Zollweg, James},
  booktitle={Systems, Man, and Cybernetics (SMC), 2011 IEEE International Conference on},
  pages={2791--2796},
  year={2011},
  organization={IEEE}
}

@article{santos2010ACO,
  title={An improved ant colony optimization based algorithm for the capacitated arc routing problem},
  author={Santos, Lu{\'\i}s and Coutinho-Rodrigues, Jo{\~a}o and Current, John R},
  journal={Transportation Research Part B: Methodological},
  volume={44},
  number={2},
  pages={246--266},
  year={2010},
  publisher={Elsevier}
}

@article{usberti2013grasp,
  title={GRASP with evolutionary path-relinking for the capacitated arc routing problem},
  author={Usberti, Fabio Luiz and Fran{\c{c}}a, Paulo Morelato and Fran{\c{c}}a, Andr{\'e} Luiz Morelato},
  journal={Computers \& Operations Research},
  volume={40},
  number={12},
  pages={3206--3217},
  year={2013},
  publisher={Elsevier}
}

@incollection{lacomme2001GA,
year={2001},
isbn={978-3-540-41920-4},
booktitle={Applications of Evolutionary Computing},
volume={2037},
series={Lecture Notes in Computer Science},
editor={Boers, EgbertJ.W.},
doi={10.1007/3-540-45365-2_49},
title={A Genetic Algorithm for the Capacitated Arc Routing Problem and Its Extensions},
url={http://dx.doi.org/10.1007/3-540-45365-2_49},
publisher={Springer Berlin Heidelberg},
author={Lacomme, Philippe and Prins, Christian and Ramdane-Ch√©rif, Wahiba},
pages={473-483},
language={English}
}

@incollection{prins2005memetic,
  title={A memetic algorithm solving the VRP, the CARP and general routing problems with nodes, edges and arcs},
  author={Prins, Christian and Bouchenoua, Samir},
  booktitle={Recent advances in memetic algorithms},
  pages={65--85},
  year={2005},
  publisher={Springer}
}



</bibtex>